[gd_scene load_steps=15 format=1]

[ext_resource path="res://MenuPrincipal.gd" type="Script" id=1]
[ext_resource path="res://texturas/sga_vidfeed_by_duratec.png" type="Texture" id=2]
[ext_resource path="res://texturas/soengi.png" type="Texture" id=3]
[ext_resource path="res://texturas/Jugar_.png" type="Texture" id=4]
[ext_resource path="res://texturas/Jugar.png" type="Texture" id=5]
[ext_resource path="res://texturas/Opciones_.png" type="Texture" id=6]
[ext_resource path="res://texturas/Opciones.png" type="Texture" id=7]
[ext_resource path="res://texturas/Creditos_.png" type="Texture" id=8]
[ext_resource path="res://texturas/Creditos.png" type="Texture" id=9]
[ext_resource path="res://texturas/Conocenos_.png" type="Texture" id=10]
[ext_resource path="res://texturas/Conocenos.png" type="Texture" id=11]
[ext_resource path="res://texturas/creditos_menu.png" type="Texture" id=12]
[ext_resource path="res://texturas/cross.png" type="Texture" id=13]
[ext_resource path="res://audio/bgm/004bgm.ogg" type="AudioStream" id=14]

[node name="MenuPrincipal" type="Node2D"]

script/script = ExtResource( 1 )

[node name="Background" type="Sprite" parent="."]

transform/pos = Vector2( 528, 360 )
transform/scale = Vector2( 0.825, 0.737705 )
texture = ExtResource( 2 )

[node name="VBoxContainer" type="VBoxContainer" parent="."]

focus/ignore_mouse = false
focus/stop_mouse = false
size_flags/horizontal = 2
size_flags/vertical = 2
margin/left = 0.0
margin/top = 0.0
margin/right = 1056.0
margin/bottom = 720.0
alignment = 0

[node name="Elementos" type="CenterContainer" parent="VBoxContainer"]

focus/ignore_mouse = false
focus/stop_mouse = false
size_flags/horizontal = 3
size_flags/vertical = 3
margin/left = 0.0
margin/top = 0.0
margin/right = 1056.0
margin/bottom = 720.0
use_top_left = false

[node name="PantallaTitulos" type="VBoxContainer" parent="VBoxContainer/Elementos"]

focus/ignore_mouse = false
focus/stop_mouse = false
size_flags/horizontal = 2
size_flags/vertical = 2
margin/left = 323.0
margin/top = 240.0
margin/right = 733.0
margin/bottom = 480.0
alignment = 0

[node name="Logo" type="TextureFrame" parent="VBoxContainer/Elementos/PantallaTitulos"]

focus/ignore_mouse = true
focus/stop_mouse = true
size_flags/horizontal = 2
size_flags/vertical = 2
margin/left = 0.0
margin/top = 0.0
margin/right = 410.0
margin/bottom = 80.0
texture = ExtResource( 3 )
stretch_mode = 0

[node name="Control" type="Control" parent="VBoxContainer/Elementos/PantallaTitulos"]

rect/min_size = Vector2( 0, 30 )
focus/ignore_mouse = false
focus/stop_mouse = true
size_flags/horizontal = 3
size_flags/vertical = 2
margin/left = 0.0
margin/top = 84.0
margin/right = 410.0
margin/bottom = 114.0

[node name="Botones" type="VBoxContainer" parent="VBoxContainer/Elementos/PantallaTitulos"]

focus/ignore_mouse = false
focus/stop_mouse = false
size_flags/horizontal = 2
size_flags/vertical = 2
margin/left = 0.0
margin/top = 118.0
margin/right = 410.0
margin/bottom = 240.0
alignment = 0

[node name="JugarBoton" type="TextureButton" parent="VBoxContainer/Elementos/PantallaTitulos/Botones"]

rect/min_size = Vector2( 0, 32 )
hint/tooltip = "Empezar a jugar y aprender"
focus/ignore_mouse = false
focus/stop_mouse = true
size_flags/horizontal = 0
size_flags/vertical = 1
margin/left = 146.0
margin/top = 0.0
margin/right = 263.0
margin/bottom = 32.0
toggle_mode = false
enabled_focus_mode = 2
shortcut = null
textures/normal = ExtResource( 4 )
textures/hover = ExtResource( 5 )
params/resize_mode = 0
params/stretch_mode = 0

[node name="Control1" type="Control" parent="VBoxContainer/Elementos/PantallaTitulos/Botones"]

visibility/visible = false
rect/min_size = Vector2( 0, 8 )
focus/ignore_mouse = false
focus/stop_mouse = true
size_flags/horizontal = 3
size_flags/vertical = 2
margin/left = 0.0
margin/top = 36.0
margin/right = 410.0
margin/bottom = 44.0

[node name="OpcionesBoton" type="TextureButton" parent="VBoxContainer/Elementos/PantallaTitulos/Botones"]

visibility/visible = false
rect/min_size = Vector2( 0, 32 )
focus/ignore_mouse = false
focus/stop_mouse = true
size_flags/horizontal = 0
size_flags/vertical = 1
margin/left = 111.0
margin/top = 48.0
margin/right = 298.0
margin/bottom = 80.0
toggle_mode = false
enabled_focus_mode = 2
shortcut = null
textures/normal = ExtResource( 6 )
textures/hover = ExtResource( 7 )
params/resize_mode = 0
params/stretch_mode = 0

[node name="Control2" type="Control" parent="VBoxContainer/Elementos/PantallaTitulos/Botones"]

focus/ignore_mouse = false
focus/stop_mouse = true
size_flags/horizontal = 3
size_flags/vertical = 2
margin/left = 0.0
margin/top = 36.0
margin/right = 410.0
margin/bottom = 36.0

[node name="CreditosBoton" type="TextureButton" parent="VBoxContainer/Elementos/PantallaTitulos/Botones"]

rect/min_size = Vector2( 0, 32 )
hint/tooltip = "Algunas personas que han colaborado con el proyecto"
focus/ignore_mouse = false
focus/stop_mouse = true
size_flags/horizontal = 0
size_flags/vertical = 1
margin/left = 115.0
margin/top = 40.0
margin/right = 294.0
margin/bottom = 73.0
toggle_mode = false
enabled_focus_mode = 2
shortcut = null
textures/normal = ExtResource( 8 )
textures/hover = ExtResource( 9 )
params/resize_mode = 0
params/stretch_mode = 0

[node name="Control3" type="Control" parent="VBoxContainer/Elementos/PantallaTitulos/Botones"]

rect/min_size = Vector2( 0, 7 )
focus/ignore_mouse = false
focus/stop_mouse = true
size_flags/horizontal = 3
size_flags/vertical = 2
margin/left = 0.0
margin/top = 77.0
margin/right = 410.0
margin/bottom = 84.0

[node name="SalirBoton" type="TextureButton" parent="VBoxContainer/Elementos/PantallaTitulos/Botones"]

rect/min_size = Vector2( 0, 32 )
hint/tooltip = "Visita el portal web que hace realidad este juego educativo"
focus/ignore_mouse = false
focus/stop_mouse = true
size_flags/horizontal = 0
size_flags/vertical = 1
margin/left = 90.0
margin/top = 88.0
margin/right = 319.0
margin/bottom = 122.0
toggle_mode = false
enabled_focus_mode = 2
shortcut = null
textures/normal = ExtResource( 10 )
textures/hover = ExtResource( 11 )
params/resize_mode = 0
params/stretch_mode = 0

[node name="Mensaje" type="Node2D" parent="."]

editor/display_folded = true

[node name="Creditos" type="Sprite" parent="Mensaje"]

visibility/visible = false
transform/pos = Vector2( 528, 360 )
texture = ExtResource( 12 )

[node name="Panel" type="Panel" parent="Mensaje/Creditos"]

visibility/opacity = 0.75
visibility/behind_parent = true
focus/ignore_mouse = false
focus/stop_mouse = true
size_flags/horizontal = 2
size_flags/vertical = 2
margin/left = -528.0
margin/top = -360.0
margin/right = 528.0
margin/bottom = 360.0

[node name="Cerrar" type="TextureButton" parent="Mensaje/Creditos"]

focus/ignore_mouse = false
focus/stop_mouse = true
size_flags/horizontal = 2
size_flags/vertical = 2
margin/left = 270.0
margin/top = -235.0
margin/right = 286.0
margin/bottom = -219.0
toggle_mode = false
enabled_focus_mode = 2
shortcut = null
textures/normal = ExtResource( 13 )
params/resize_mode = 0
params/stretch_mode = 0

[node name="StreamPlayer" type="StreamPlayer" parent="."]

stream/stream = ExtResource( 14 )
stream/play = false
stream/loop = true
stream/volume_db = 0.0
stream/autoplay = true
stream/paused = false
stream/loop_restart_time = 0.0
stream/buffering_ms = 500

[connection signal="pressed" from="VBoxContainer/Elementos/PantallaTitulos/Botones/JugarBoton" to="." method="_on_JugarBoton_pressed"]

[connection signal="pressed" from="VBoxContainer/Elementos/PantallaTitulos/Botones/CreditosBoton" to="." method="_on_CreditosBoton_pressed"]

[connection signal="pressed" from="VBoxContainer/Elementos/PantallaTitulos/Botones/SalirBoton" to="." method="_on_SalirBoton_pressed"]

[connection signal="pressed" from="Mensaje/Creditos/Cerrar" to="." method="_on_Cerrar_pressed"]


